@inproceedings{jiang2018chameleon,
  title={Chameleon: scalable adaptation of video analytics},
  author={Jiang, Junchen and Ananthanarayanan, Ganesh and Bodik, Peter and Sen, Siddhartha and Stoica, Ion},
  booktitle={Proceedings of the 2018 Conference of the ACM Special Interest Group on Data Communication},
  pages={253--266},
  year={2018}
}

@inproceedings{zhang2017videostorm,
	title={Live video analytics at scale with approximation and delay-tolerance},
	author={Zhang, Haoyu and Ananthanarayanan, Ganesh and Bodik, Peter and Philipose, Matthai and Bahl, Paramvir and Freedman, Michael J},
	booktitle={14th $\{$USENIX$\}$ Symposium on Networked Systems Design and Implementation ($\{$NSDI$\}$ 17)},
	pages={377--392},
	year={2017}
}

@inproceedings{hung2018videoedge,
	title={Videoedge: Processing camera streams using hierarchical clusters},
	author={Hung, Chien-Chun and Ananthanarayanan, Ganesh and Bodik, Peter and Golubchik, Leana and Yu, Minlan and Bahl, Paramvir and Philipose, Matthai},
	booktitle={2018 IEEE/ACM Symposium on Edge Computing (SEC)},
	pages={115--131},
	year={2018},
	organization={IEEE}
}

@inproceedings{shen2017retrain_model,
	title={Fast video classification via adaptive cascading of deep models},
	author={Shen, Haichen and Han, Seungyeop and Philipose, Matthai and Krishnamurthy, Arvind},
	booktitle={Proceedings of the IEEE conference on computer vision and pattern recognition},
	pages={3646--3654},
	year={2017}
}

@inproceedings{hsieh2018focus,
	title={Focus: Querying large video datasets with low latency and low cost},
	author={Hsieh, Kevin and Ananthanarayanan, Ganesh and Bodik, Peter and Venkataraman, Shivaram and Bahl, Paramvir and Philipose, Matthai and Gibbons, Phillip B and Mutlu, Onur},
	booktitle={13th $\{$USENIX$\}$ Symposium on Operating Systems Design and Implementation ($\{$OSDI$\}$ 18)},
	pages={269--286},
	year={2018}
}

@inproceedings{han2016mcdnn,
	title={Mcdnn: An approximation-based execution framework for deep stream processing under resource constraints},
	author={Han, Seungyeop and Shen, Haichen and Philipose, Matthai and Agarwal, Sharad and Wolman, Alec and Krishnamurthy, Arvind},
	booktitle={Proceedings of the 14th Annual International Conference on Mobile Systems, Applications, and Services},
	pages={123--136},
	year={2016}
}

@article{yang2019edge_coordinated,
	title={Edge coordinated query configuration for low-latency and accurate video analytics},
	author={Yang, Peng and Lyu, Feng and Wu, Wen and Zhang, Ning and Yu, Li and Shen, Xuemin Sherman},
	journal={IEEE Transactions on Industrial Informatics},
	volume={16},
	number={7},
	pages={4855--4864},
	year={2019},
	publisher={IEEE}
}

@article{romero2019infaas,
	title={INFaaS: A Model-less Inference Serving System},
	author={Romero, Francisco and Li, Qian and Yadwadkar, Neeraja J and Kozyrakis, Christos},
	journal={arXiv preprint arXiv:1905.13348},
	year={2019}
}

@inproceedings{wang2019fpga,
	title={Live video analytics with FPGA-based smart cameras},
	author={Wang, Shang and Zhang, Chen and Shu, Yuanchao and Liu, Yunxin},
	booktitle={Proceedings of the 2019 Workshop on Hot Topics in Video Analytics and Intelligent Edges},
	pages={9--14},
	year={2019}
}

@inproceedings{wang2020jcab,
	title={Joint Configuration Adaptation and Bandwidth Allocation for Edge-based Real-time Video Analytics},
	author={Wang, Can and Zhang, Sheng and Chen, Yu and Qian, Zhuzhong and Wu, Jie and Xiao, Mingjun},
	booktitle={Proc. IEEE INFOCOM},
	pages={1--10},
	year={2020}
}

@inproceedings{mnih2016asynchronous,
	title={Asynchronous methods for deep reinforcement learning},
	author={Mnih, Volodymyr and Badia, Adria Puigdomenech and Mirza, Mehdi and Graves, Alex and Lillicrap, Timothy and Harley, Tim and Silver, David and Kavukcuoglu, Koray},
	booktitle={International conference on machine learning},
	pages={1928--1937},
	year={2016}
}